
@inproceedings{Reyes2013,
author = {Reyes-Lega, Andr{\'{e}}s Fernando},
booktitle = {Geometric, Algebraic and Topological Methods for Quantum Field Theory},
editor = {Cano, Leonardo and Cardona, Alexander and Ocampo, Hern{\'{a}}n and Reyes-Lega, Andr{\'{e}}s Fernando},
file = {:C$\backslash$:/Users/iburbanoaldana/AppData/Local/Mendeley Ltd./Mendeley Desktop/Downloaded/Reyes-Lega - 2013 - Some Aspects of Operator Algebras in Quantum Physics.pdf:pdf},
pages = {1--74},
publisher = {World Scientific},
title = {{Some Aspects of Operator Algebras in Quantum Physics}},
year = {2013}
}
@article{Bleecker1982,
author = {Bleecker, David and Orzalesi, C. A.},
doi = {10.1063/1.2915268},
issn = {0031-9228},
journal = {Physics Today},
title = {{                            Gauge Theory and Variational Principles                          }},
year = {1982}
}

